%YAML 1.1
%TAG !u! tag:unity3d.com,2011:
--- !u!29 &1
OcclusionCullingSettings:
  m_ObjectHideFlags: 0
  serializedVersion: 2
  m_OcclusionBakeSettings:
    smallestOccluder: 5
    smallestHole: 0.25
    backfaceThreshold: 100
  m_SceneGUID: 00000000000000000000000000000000
  m_OcclusionCullingData: {fileID: 0}
--- !u!104 &2
RenderSettings:
  m_ObjectHideFlags: 0
  serializedVersion: 8
  m_Fog: 0
  m_FogColor: {r: 0.5, g: 0.5, b: 0.5, a: 1}
  m_FogMode: 3
  m_FogDensity: 0.01
  m_LinearFogStart: 0
  m_LinearFogEnd: 300
  m_AmbientSkyColor: {r: 0.212, g: 0.227, b: 0.259, a: 1}
  m_AmbientEquatorColor: {r: 0.114, g: 0.125, b: 0.133, a: 1}
  m_AmbientGroundColor: {r: 0.047, g: 0.043, b: 0.035, a: 1}
  m_AmbientIntensity: 1
  m_AmbientMode: 0
  m_SubtractiveShadowColor: {r: 0.42, g: 0.478, b: 0.627, a: 1}
  m_SkyboxMaterial: {fileID: 10304, guid: 0000000000000000f000000000000000, type: 0}
  m_HaloStrength: 0.5
  m_FlareStrength: 1
  m_FlareFadeSpeed: 3
  m_HaloTexture: {fileID: 0}
  m_SpotCookie: {fileID: 10001, guid: 0000000000000000e000000000000000, type: 0}
  m_DefaultReflectionMode: 0
  m_DefaultReflectionResolution: 128
  m_ReflectionBounces: 1
  m_ReflectionIntensity: 1
  m_CustomReflection: {fileID: 0}
  m_Sun: {fileID: 0}
  m_IndirectSpecularColor: {r: 0.44657868, g: 0.49641263, b: 0.57481706, a: 1}
--- !u!157 &3
LightmapSettings:
  m_ObjectHideFlags: 0
  serializedVersion: 11
  m_GIWorkflowMode: 0
  m_GISettings:
    serializedVersion: 2
    m_BounceScale: 1
    m_IndirectOutputScale: 1
    m_AlbedoBoost: 1
    m_TemporalCoherenceThreshold: 1
    m_EnvironmentLightingMode: 0
    m_EnableBakedLightmaps: 1
    m_EnableRealtimeLightmaps: 1
  m_LightmapEditorSettings:
    serializedVersion: 9
    m_Resolution: 2
    m_BakeResolution: 40
    m_TextureWidth: 1024
    m_TextureHeight: 1024
    m_AO: 0
    m_AOMaxDistance: 1
    m_CompAOExponent: 1
    m_CompAOExponentDirect: 0
    m_Padding: 2
    m_LightmapParameters: {fileID: 0}
    m_LightmapsBakeMode: 1
    m_TextureCompression: 1
    m_FinalGather: 0
    m_FinalGatherFiltering: 1
    m_FinalGatherRayCount: 256
    m_ReflectionCompression: 2
    m_MixedBakeMode: 2
    m_BakeBackend: 0
    m_PVRSampling: 1
    m_PVRDirectSampleCount: 32
    m_PVRSampleCount: 500
    m_PVRBounces: 2
    m_PVRFilterTypeDirect: 0
    m_PVRFilterTypeIndirect: 0
    m_PVRFilterTypeAO: 0
    m_PVRFilteringMode: 1
    m_PVRCulling: 1
    m_PVRFilteringGaussRadiusDirect: 1
    m_PVRFilteringGaussRadiusIndirect: 5
    m_PVRFilteringGaussRadiusAO: 2
    m_PVRFilteringAtrousPositionSigmaDirect: 0.5
    m_PVRFilteringAtrousPositionSigmaIndirect: 2
    m_PVRFilteringAtrousPositionSigmaAO: 1
  m_LightingDataAsset: {fileID: 0}
  m_UseShadowmask: 1
--- !u!196 &4
NavMeshSettings:
  serializedVersion: 2
  m_ObjectHideFlags: 0
  m_BuildSettings:
    serializedVersion: 2
    agentTypeID: 0
    agentRadius: 0.5
    agentHeight: 2
    agentSlope: 45
    agentClimb: 0.4
    ledgeDropHeight: 0
    maxJumpAcrossDistance: 0
    minRegionArea: 2
    manualCellSize: 0
    cellSize: 0.16666667
    manualTileSize: 0
    tileSize: 256
    accuratePlacement: 0
    debug:
      m_Flags: 0
  m_NavMeshData: {fileID: 23800000, guid: bbfe02b097467554e923bf250c4b48c4, type: 2}
--- !u!1 &5016682
GameObject:
  m_ObjectHideFlags: 0
  m_PrefabParentObject: {fileID: 0}
  m_PrefabInternal: {fileID: 0}
  serializedVersion: 5
  m_Component:
  - component: {fileID: 5016686}
  - component: {fileID: 5016685}
  - component: {fileID: 5016684}
  - component: {fileID: 5016683}
  m_Layer: 0
  m_Name: Plane
  m_TagString: Untagged
  m_Icon: {fileID: 0}
  m_NavMeshLayer: 0
  m_StaticEditorFlags: 4294967295
  m_IsActive: 1
--- !u!23 &5016683
MeshRenderer:
  m_ObjectHideFlags: 0
  m_PrefabParentObject: {fileID: 0}
  m_PrefabInternal: {fileID: 0}
  m_GameObject: {fileID: 5016682}
  m_Enabled: 1
  m_CastShadows: 1
  m_ReceiveShadows: 1
  m_DynamicOccludee: 1
  m_MotionVectors: 1
  m_LightProbeUsage: 1
  m_ReflectionProbeUsage: 1
  m_Materials:
  - {fileID: 2100000, guid: 737bc01fd7adbb04d90bae924c53f7e7, type: 2}
  m_StaticBatchInfo:
    firstSubMesh: 0
    subMeshCount: 0
  m_StaticBatchRoot: {fileID: 0}
  m_ProbeAnchor: {fileID: 0}
  m_LightProbeVolumeOverride: {fileID: 0}
  m_ScaleInLightmap: 1
  m_PreserveUVs: 1
  m_IgnoreNormalsForChartDetection: 0
  m_ImportantGI: 0
  m_StitchLightmapSeams: 0
  m_SelectedEditorRenderState: 3
  m_MinimumChartSize: 4
  m_AutoUVMaxDistance: 0.5
  m_AutoUVMaxAngle: 89
  m_LightmapParameters: {fileID: 0}
  m_SortingLayerID: 0
  m_SortingLayer: 0
  m_SortingOrder: 0
--- !u!64 &5016684
MeshCollider:
  m_ObjectHideFlags: 0
  m_PrefabParentObject: {fileID: 0}
  m_PrefabInternal: {fileID: 0}
  m_GameObject: {fileID: 5016682}
  m_Material: {fileID: 0}
  m_IsTrigger: 0
  m_Enabled: 1
  serializedVersion: 2
  m_Convex: 0
  m_InflateMesh: 0
  m_SkinWidth: 0.01
  m_Mesh: {fileID: 10209, guid: 0000000000000000e000000000000000, type: 0}
--- !u!33 &5016685
MeshFilter:
  m_ObjectHideFlags: 0
  m_PrefabParentObject: {fileID: 0}
  m_PrefabInternal: {fileID: 0}
  m_GameObject: {fileID: 5016682}
  m_Mesh: {fileID: 10209, guid: 0000000000000000e000000000000000, type: 0}
--- !u!4 &5016686
Transform:
  m_ObjectHideFlags: 0
  m_PrefabParentObject: {fileID: 0}
  m_PrefabInternal: {fileID: 0}
  m_GameObject: {fileID: 5016682}
  m_LocalRotation: {x: 0, y: 0, z: 0, w: 1}
  m_LocalPosition: {x: 0, y: 0, z: 0}
  m_LocalScale: {x: 3, y: 1, z: 3}
  m_Children: []
  m_Father: {fileID: 0}
  m_RootOrder: 2
  m_LocalEulerAnglesHint: {x: 0, y: 0, z: 0}
--- !u!1 &57075909
GameObject:
  m_ObjectHideFlags: 0
  m_PrefabParentObject: {fileID: 0}
  m_PrefabInternal: {fileID: 0}
  serializedVersion: 5
  m_Component:
  - component: {fileID: 57075913}
  - component: {fileID: 57075912}
  - component: {fileID: 57075911}
  - component: {fileID: 57075910}
  m_Layer: 5
  m_Name: Canvas
  m_TagString: Untagged
  m_Icon: {fileID: 0}
  m_NavMeshLayer: 0
  m_StaticEditorFlags: 0
  m_IsActive: 1
--- !u!114 &57075910
MonoBehaviour:
  m_ObjectHideFlags: 0
  m_PrefabParentObject: {fileID: 0}
  m_PrefabInternal: {fileID: 0}
  m_GameObject: {fileID: 57075909}
  m_Enabled: 1
  m_EditorHideFlags: 0
  m_Script: {fileID: 1301386320, guid: f70555f144d8491a825f0804e09c671c, type: 3}
  m_Name: 
  m_EditorClassIdentifier: 
  m_IgnoreReversedGraphics: 1
  m_BlockingObjects: 0
  m_BlockingMask:
    serializedVersion: 2
    m_Bits: 4294967295
--- !u!114 &57075911
MonoBehaviour:
  m_ObjectHideFlags: 0
  m_PrefabParentObject: {fileID: 0}
  m_PrefabInternal: {fileID: 0}
  m_GameObject: {fileID: 57075909}
  m_Enabled: 1
  m_EditorHideFlags: 0
  m_Script: {fileID: 1980459831, guid: f70555f144d8491a825f0804e09c671c, type: 3}
  m_Name: 
  m_EditorClassIdentifier: 
  m_UiScaleMode: 0
  m_ReferencePixelsPerUnit: 100
  m_ScaleFactor: 1
  m_ReferenceResolution: {x: 800, y: 600}
  m_ScreenMatchMode: 0
  m_MatchWidthOrHeight: 0
  m_PhysicalUnit: 3
  m_FallbackScreenDPI: 96
  m_DefaultSpriteDPI: 96
  m_DynamicPixelsPerUnit: 1
--- !u!223 &57075912
Canvas:
  m_ObjectHideFlags: 0
  m_PrefabParentObject: {fileID: 0}
  m_PrefabInternal: {fileID: 0}
  m_GameObject: {fileID: 57075909}
  m_Enabled: 1
  serializedVersion: 3
  m_RenderMode: 0
  m_Camera: {fileID: 0}
  m_PlaneDistance: 100
  m_PixelPerfect: 0
  m_ReceivesEvents: 1
  m_OverrideSorting: 0
  m_OverridePixelPerfect: 0
  m_SortingBucketNormalizedSize: 0
  m_AdditionalShaderChannelsFlag: 0
  m_SortingLayerID: 0
  m_SortingOrder: 0
  m_TargetDisplay: 0
--- !u!224 &57075913
RectTransform:
  m_ObjectHideFlags: 0
  m_PrefabParentObject: {fileID: 0}
  m_PrefabInternal: {fileID: 0}
  m_GameObject: {fileID: 57075909}
  m_LocalRotation: {x: 0, y: 0, z: 0, w: 1}
  m_LocalPosition: {x: 267, y: 178, z: 0}
  m_LocalScale: {x: 1, y: 1, z: 1}
  m_Children:
  - {fileID: 2001177232}
  - {fileID: 2125949428}
  - {fileID: 1632797378}
  - {fileID: 473859871}
  m_Father: {fileID: 0}
  m_RootOrder: 5
  m_LocalEulerAnglesHint: {x: 0, y: 0, z: 0}
  m_AnchorMin: {x: 0, y: 0}
  m_AnchorMax: {x: 0, y: 0}
  m_AnchoredPosition: {x: 0, y: 0}
  m_SizeDelta: {x: 0, y: 0}
  m_Pivot: {x: 0, y: 0}
--- !u!1 &58828879
GameObject:
  m_ObjectHideFlags: 0
  m_PrefabParentObject: {fileID: 1200316454877314, guid: e93836803499e624b91d9b4d774ffbd4,
    type: 2}
  m_PrefabInternal: {fileID: 0}
  serializedVersion: 5
  m_Component:
  - component: {fileID: 58828880}
  m_Layer: 0
  m_Name: Armor_L
  m_TagString: Untagged
  m_Icon: {fileID: 0}
  m_NavMeshLayer: 0
  m_StaticEditorFlags: 0
  m_IsActive: 1
--- !u!4 &58828880
Transform:
  m_ObjectHideFlags: 0
  m_PrefabParentObject: {fileID: 4338823177724000, guid: e93836803499e624b91d9b4d774ffbd4,
    type: 2}
  m_PrefabInternal: {fileID: 0}
  m_GameObject: {fileID: 58828879}
  m_LocalRotation: {x: 0.15924138, y: -0.6889428, z: 0.32654914, w: 0.6271887}
  m_LocalPosition: {x: -13.626402, y: 40.19108, z: -81.7493}
  m_LocalScale: {x: 1, y: 1, z: 1}
  m_Children: []
  m_Father: {fileID: 1995386569}
  m_RootOrder: 0
  m_LocalEulerAnglesHint: {x: 32.810947, y: -84.8075, z: 35.37358}
--- !u!1 &90602790
GameObject:
  m_ObjectHideFlags: 0
  m_PrefabParentObject: {fileID: 1461411444634564, guid: e93836803499e624b91d9b4d774ffbd4,
    type: 2}
  m_PrefabInternal: {fileID: 0}
  serializedVersion: 5
  m_Component:
  - component: {fileID: 90602791}
  - component: {fileID: 90602792}
  m_Layer: 0
  m_Name: GruntMesh
  m_TagString: Untagged
  m_Icon: {fileID: 0}
  m_NavMeshLayer: 0
  m_StaticEditorFlags: 0
  m_IsActive: 1
--- !u!4 &90602791
Transform:
  m_ObjectHideFlags: 0
  m_PrefabParentObject: {fileID: 4324105114337632, guid: e93836803499e624b91d9b4d774ffbd4,
    type: 2}
  m_PrefabInternal: {fileID: 0}
  m_GameObject: {fileID: 90602790}
  m_LocalRotation: {x: 0, y: -0, z: 0, w: 1}
  m_LocalPosition: {x: 0, y: 0, z: 0}
  m_LocalScale: {x: 0.01, y: 0.01, z: 0.01}
  m_Children: []
  m_Father: {fileID: 233408545}
  m_RootOrder: 1
  m_LocalEulerAnglesHint: {x: 0, y: 0, z: 0}
--- !u!137 &90602792
SkinnedMeshRenderer:
  m_ObjectHideFlags: 0
  m_PrefabParentObject: {fileID: 137033226723205824, guid: e93836803499e624b91d9b4d774ffbd4,
    type: 2}
  m_PrefabInternal: {fileID: 0}
  m_GameObject: {fileID: 90602790}
  m_Enabled: 1
  m_CastShadows: 1
  m_ReceiveShadows: 1
  m_DynamicOccludee: 1
  m_MotionVectors: 1
  m_LightProbeUsage: 0
  m_ReflectionProbeUsage: 1
  m_Materials:
  - {fileID: 2100000, guid: cad6fa3a83060754d98d2fb182f98fd5, type: 2}
  m_StaticBatchInfo:
    firstSubMesh: 0
    subMeshCount: 0
  m_StaticBatchRoot: {fileID: 0}
  m_ProbeAnchor: {fileID: 0}
  m_LightProbeVolumeOverride: {fileID: 0}
  m_ScaleInLightmap: 1
  m_PreserveUVs: 0
  m_IgnoreNormalsForChartDetection: 0
  m_ImportantGI: 0
  m_StitchLightmapSeams: 0
  m_SelectedEditorRenderState: 3
  m_MinimumChartSize: 4
  m_AutoUVMaxDistance: 0.5
  m_AutoUVMaxAngle: 89
  m_LightmapParameters: {fileID: 0}
  m_SortingLayerID: 0
  m_SortingLayer: 0
  m_SortingOrder: 0
  serializedVersion: 2
  m_Quality: 4
  m_UpdateWhenOffscreen: 0
  m_SkinnedMotionVectors: 1
  m_Mesh: {fileID: 4300000, guid: 406486edf02d8d74da3b2ca225e21254, type: 3}
  m_Bones:
  - {fileID: 187400157}
  - {fileID: 1995386569}
  - {fileID: 1040829391}
  - {fileID: 2012241275}
  - {fileID: 58828880}
  - {fileID: 1175357265}
  - {fileID: 474114152}
  - {fileID: 1886857459}
  - {fileID: 807419367}
  - {fileID: 1476416198}
  - {fileID: 1206220685}
  - {fileID: 2100798485}
  - {fileID: 183256224}
  - {fileID: 822582585}
  - {fileID: 893732835}
  - {fileID: 1506571419}
  - {fileID: 2004878732}
  - {fileID: 1577857879}
  - {fileID: 113826913}
  - {fileID: 562670989}
  - {fileID: 1695120765}
  - {fileID: 610384005}
  - {fileID: 238958732}
  m_BlendShapeWeights: []
  m_RootBone: {fileID: 187400157}
  m_AABB:
    m_Center: {x: -34.228374, y: -19.274963, z: -3.411438}
    m_Extent: {x: 153.10951, y: 132.97989, z: 168.1402}
  m_DirtyAABB: 0
--- !u!1 &113826912
GameObject:
  m_ObjectHideFlags: 0
  m_PrefabParentObject: {fileID: 1009382566582252, guid: e93836803499e624b91d9b4d774ffbd4,
    type: 2}
  m_PrefabInternal: {fileID: 0}
  serializedVersion: 5
  m_Component:
  - component: {fileID: 113826913}
  m_Layer: 0
  m_Name: Axe
  m_TagString: Untagged
  m_Icon: {fileID: 0}
  m_NavMeshLayer: 0
  m_StaticEditorFlags: 0
  m_IsActive: 1
--- !u!4 &113826913
Transform:
  m_ObjectHideFlags: 0
  m_PrefabParentObject: {fileID: 4742959042833868, guid: e93836803499e624b91d9b4d774ffbd4,
    type: 2}
  m_PrefabInternal: {fileID: 0}
  m_GameObject: {fileID: 113826912}
  m_LocalRotation: {x: 0.5989446, y: -0.3349154, z: 0.47316816, w: 0.5524573}
  m_LocalPosition: {x: -49.350937, y: -45.162025, z: 98.379684}
  m_LocalScale: {x: 1, y: 1, z: 1}
  m_Children: []
  m_Father: {fileID: 187400157}
  m_RootOrder: 0
  m_LocalEulerAnglesHint: {x: 72.638855, y: -94.893715, z: -15.336992}
--- !u!1 &183256223
GameObject:
  m_ObjectHideFlags: 0
  m_PrefabParentObject: {fileID: 1100512039300680, guid: e93836803499e624b91d9b4d774ffbd4,
    type: 2}
  m_PrefabInternal: {fileID: 0}
  serializedVersion: 5
  m_Component:
  - component: {fileID: 183256224}
  m_Layer: 0
  m_Name: Index_Proximal_R
  m_TagString: Untagged
  m_Icon: {fileID: 0}
  m_NavMeshLayer: 0
  m_StaticEditorFlags: 0
  m_IsActive: 1
--- !u!4 &183256224
Transform:
  m_ObjectHideFlags: 0
  m_PrefabParentObject: {fileID: 4010956039421142, guid: e93836803499e624b91d9b4d774ffbd4,
    type: 2}
  m_PrefabInternal: {fileID: 0}
  m_GameObject: {fileID: 183256223}
  m_LocalRotation: {x: 0, y: 0.0075027454, z: -0, w: 0.99997187}
  m_LocalPosition: {x: -19.240166, y: 5.684342e-14, z: 0}
  m_LocalScale: {x: 1, y: 1, z: 1}
  m_Children: []
  m_Father: {fileID: 2100798485}
  m_RootOrder: 0
  m_LocalEulerAnglesHint: {x: 0, y: 0.8597591, z: 0}
--- !u!1 &187400156
GameObject:
  m_ObjectHideFlags: 0
  m_PrefabParentObject: {fileID: 1927258014537054, guid: e93836803499e624b91d9b4d774ffbd4,
    type: 2}
  m_PrefabInternal: {fileID: 0}
  serializedVersion: 5
  m_Component:
  - component: {fileID: 187400157}
  m_Layer: 0
  m_Name: Hips
  m_TagString: Untagged
  m_Icon: {fileID: 0}
  m_NavMeshLayer: 0
  m_StaticEditorFlags: 0
  m_IsActive: 1
--- !u!4 &187400157
Transform:
  m_ObjectHideFlags: 0
  m_PrefabParentObject: {fileID: 4610797834118712, guid: e93836803499e624b91d9b4d774ffbd4,
    type: 2}
  m_PrefabInternal: {fileID: 0}
  m_GameObject: {fileID: 187400156}
  m_LocalRotation: {x: -0.5125273, y: 0.6950423, z: -0.26657817, w: 0.42798138}
  m_LocalPosition: {x: 0, y: 0.57040346, z: 0.2917061}
  m_LocalScale: {x: 0.01, y: 0.009999999, z: 0.01}
  m_Children:
  - {fileID: 113826913}
  - {fileID: 1995386569}
  - {fileID: 893732835}
  - {fileID: 562670989}
  m_Father: {fileID: 233408545}
  m_RootOrder: 2
  m_LocalEulerAnglesHint: {x: 0, y: 0, z: 0}
--- !u!1 &192713282
GameObject:
  m_ObjectHideFlags: 0
  m_PrefabParentObject: {fileID: 1423833323695244, guid: e93836803499e624b91d9b4d774ffbd4,
    type: 2}
  m_PrefabInternal: {fileID: 0}
  serializedVersion: 5
  m_Component:
  - component: {fileID: 192713285}
  - component: {fileID: 192713284}
  - component: {fileID: 192713283}
  - component: {fileID: 192713286}
  m_Layer: 0
  m_Name: Weapon
  m_TagString: Untagged
  m_Icon: {fileID: 0}
  m_NavMeshLayer: 0
  m_StaticEditorFlags: 0
  m_IsActive: 1
--- !u!135 &192713283
SphereCollider:
  m_ObjectHideFlags: 0
  m_PrefabParentObject: {fileID: 135025300514480444, guid: e93836803499e624b91d9b4d774ffbd4,
    type: 2}
  m_PrefabInternal: {fileID: 0}
  m_GameObject: {fileID: 192713282}
  m_Material: {fileID: 0}
  m_IsTrigger: 1
  m_Enabled: 1
  serializedVersion: 2
  m_Radius: 3.1226637
  m_Center: {x: 0.51277375, y: 0.62985253, z: -1.081888}
--- !u!33 &192713284
MeshFilter:
  m_ObjectHideFlags: 0
  m_PrefabParentObject: {fileID: 33166919540756996, guid: e93836803499e624b91d9b4d774ffbd4,
    type: 2}
  m_PrefabInternal: {fileID: 0}
  m_GameObject: {fileID: 192713282}
  m_Mesh: {fileID: 10207, guid: 0000000000000000e000000000000000, type: 0}
--- !u!4 &192713285
Transform:
  m_ObjectHideFlags: 0
  m_PrefabParentObject: {fileID: 4206734085886228, guid: e93836803499e624b91d9b4d774ffbd4,
    type: 2}
  m_PrefabInternal: {fileID: 0}
  m_GameObject: {fileID: 192713282}
  m_LocalRotation: {x: -0, y: -0, z: -0, w: 1}
  m_LocalPosition: {x: -0.10193571, y: 0.84575355, z: 1.86}
  m_LocalScale: {x: 0.33333334, y: 0.33333334, z: 0.33333334}
  m_Children: []
  m_Father: {fileID: 233408545}
  m_RootOrder: 0
  m_LocalEulerAnglesHint: {x: 0, y: 0, z: 0}
--- !u!114 &192713286
MonoBehaviour:
  m_ObjectHideFlags: 0
  m_PrefabParentObject: {fileID: 0}
  m_PrefabInternal: {fileID: 0}
  m_GameObject: {fileID: 192713282}
  m_Enabled: 1
  m_EditorHideFlags: 0
  m_Script: {fileID: 11500000, guid: e68a58045e451d848b4176287147c617, type: 3}
  m_Name: 
  m_EditorClassIdentifier: 
  handle: {fileID: 0}
  effects: []
--- !u!1 &233408540
GameObject:
  m_ObjectHideFlags: 0
  m_PrefabParentObject: {fileID: 1748942140603840, guid: e93836803499e624b91d9b4d774ffbd4,
    type: 2}
  m_PrefabInternal: {fileID: 0}
  serializedVersion: 5
  m_Component:
  - component: {fileID: 233408545}
  - component: {fileID: 233408544}
  - component: {fileID: 233408543}
  - component: {fileID: 233408542}
  - component: {fileID: 233408541}
  m_Layer: 0
  m_Name: Enemy1
  m_TagString: Untagged
  m_Icon: {fileID: 0}
  m_NavMeshLayer: 0
  m_StaticEditorFlags: 0
  m_IsActive: 1
--- !u!195 &233408541
NavMeshAgent:
  m_ObjectHideFlags: 0
  m_PrefabParentObject: {fileID: 195777854522347356, guid: e93836803499e624b91d9b4d774ffbd4,
    type: 2}
  m_PrefabInternal: {fileID: 0}
  m_GameObject: {fileID: 233408540}
  m_Enabled: 1
  m_AgentTypeID: 0
  m_Radius: 0.5
  m_Speed: 0.5
  m_Acceleration: 8
  avoidancePriority: 50
  m_AngularSpeed: 120
  m_StoppingDistance: 0
  m_AutoTraverseOffMeshLink: 1
  m_AutoBraking: 1
  m_AutoRepath: 1
  m_Height: 2
  m_BaseOffset: 0
  m_WalkableMask: 4294967295
  m_ObstacleAvoidanceType: 4
--- !u!114 &233408542
MonoBehaviour:
  m_ObjectHideFlags: 0
  m_PrefabParentObject: {fileID: 114625905837244610, guid: e93836803499e624b91d9b4d774ffbd4,
    type: 2}
  m_PrefabInternal: {fileID: 0}
  m_GameObject: {fileID: 233408540}
  m_Enabled: 1
  m_EditorHideFlags: 0
  m_Script: {fileID: 11500000, guid: edb206b6e0690b949986f8371987a4fa, type: 3}
  m_Name: 
  m_EditorClassIdentifier: 
  target: {fileID: 1214336210}
  _weapon: {fileID: 192713286}
--- !u!135 &233408543
SphereCollider:
  m_ObjectHideFlags: 0
  m_PrefabParentObject: {fileID: 135759652352064690, guid: e93836803499e624b91d9b4d774ffbd4,
    type: 2}
  m_PrefabInternal: {fileID: 0}
  m_GameObject: {fileID: 233408540}
  m_Material: {fileID: 0}
  m_IsTrigger: 0
  m_Enabled: 1
  serializedVersion: 2
  m_Radius: 1.3906565
  m_Center: {x: 0, y: 0.8906565, z: 0}
--- !u!95 &233408544
Animator:
  serializedVersion: 3
  m_ObjectHideFlags: 0
  m_PrefabParentObject: {fileID: 95191866273803524, guid: e93836803499e624b91d9b4d774ffbd4,
    type: 2}
  m_PrefabInternal: {fileID: 0}
  m_GameObject: {fileID: 233408540}
  m_Enabled: 1
  m_Avatar: {fileID: 9000000, guid: 406486edf02d8d74da3b2ca225e21254, type: 3}
  m_Controller: {fileID: 9100000, guid: 3d93a5e91c696be469854956d902278d, type: 2}
  m_CullingMode: 1
  m_UpdateMode: 0
  m_ApplyRootMotion: 0
  m_LinearVelocityBlending: 0
  m_WarningMessage: 
  m_HasTransformHierarchy: 1
  m_AllowConstantClipSamplingOptimization: 1
--- !u!4 &233408545
Transform:
  m_ObjectHideFlags: 0
  m_PrefabParentObject: {fileID: 4656133073425804, guid: e93836803499e624b91d9b4d774ffbd4,
    type: 2}
  m_PrefabInternal: {fileID: 0}
  m_GameObject: {fileID: 233408540}
  m_LocalRotation: {x: 0, y: 0, z: 0, w: 1}
  m_LocalPosition: {x: 8.4, y: 0.1, z: -7.1}
  m_LocalScale: {x: 3, y: 3, z: 3}
  m_Children:
  - {fileID: 192713285}
  - {fileID: 90602791}
  - {fileID: 187400157}
  - {fileID: 1447182554}
  m_Father: {fileID: 0}
  m_RootOrder: 9
  m_LocalEulerAnglesHint: {x: 0, y: 0, z: 0}
--- !u!1 &238958731
GameObject:
  m_ObjectHideFlags: 0
  m_PrefabParentObject: {fileID: 1610765383495866, guid: e93836803499e624b91d9b4d774ffbd4,
    type: 2}
  m_PrefabInternal: {fileID: 0}
  serializedVersion: 5
  m_Component:
  - component: {fileID: 238958732}
  m_Layer: 0
  m_Name: Toes_R
  m_TagString: Untagged
  m_Icon: {fileID: 0}
  m_NavMeshLayer: 0
  m_StaticEditorFlags: 0
  m_IsActive: 1
--- !u!4 &238958732
Transform:
  m_ObjectHideFlags: 0
  m_PrefabParentObject: {fileID: 4028760222461592, guid: e93836803499e624b91d9b4d774ffbd4,
    type: 2}
  m_PrefabInternal: {fileID: 0}
  m_GameObject: {fileID: 238958731}
  m_LocalRotation: {x: -0.008302334, y: -0.016767688, z: 0.048671637, w: 0.99863964}
  m_LocalPosition: {x: -54.016693, y: 0.000000046566164, z: 0.000005960468}
  m_LocalScale: {x: 1, y: 1, z: 1}
  m_Children: []
  m_Father: {fileID: 610384005}
  m_RootOrder: 0
  m_LocalEulerAnglesHint: {x: 0, y: 0, z: 0}
--- !u!1 &292114649
GameObject:
  m_ObjectHideFlags: 0
  m_PrefabParentObject: {fileID: 0}
  m_PrefabInternal: {fileID: 0}
  serializedVersion: 5
  m_Component:
  - component: {fileID: 292114651}
  - component: {fileID: 292114650}
  m_Layer: 0
  m_Name: Directional Light
  m_TagString: Untagged
  m_Icon: {fileID: 0}
  m_NavMeshLayer: 0
  m_StaticEditorFlags: 0
  m_IsActive: 1
--- !u!108 &292114650
Light:
  m_ObjectHideFlags: 0
  m_PrefabParentObject: {fileID: 0}
  m_PrefabInternal: {fileID: 0}
  m_GameObject: {fileID: 292114649}
  m_Enabled: 1
  serializedVersion: 8
  m_Type: 1
  m_Color: {r: 1, g: 0.95686275, b: 0.8392157, a: 1}
  m_Intensity: 1
  m_Range: 10
  m_SpotAngle: 30
  m_CookieSize: 10
  m_Shadows:
    m_Type: 2
    m_Resolution: -1
    m_CustomResolution: -1
    m_Strength: 1
    m_Bias: 0.05
    m_NormalBias: 0.4
    m_NearPlane: 0.2
  m_Cookie: {fileID: 0}
  m_DrawHalo: 0
  m_Flare: {fileID: 0}
  m_RenderMode: 0
  m_CullingMask:
    serializedVersion: 2
    m_Bits: 4294967295
  m_Lightmapping: 4
  m_AreaSize: {x: 1, y: 1}
  m_BounceIntensity: 1
  m_ColorTemperature: 6570
  m_UseColorTemperature: 0
  m_ShadowRadius: 0
  m_ShadowAngle: 0
--- !u!4 &292114651
Transform:
  m_ObjectHideFlags: 0
  m_PrefabParentObject: {fileID: 0}
  m_PrefabInternal: {fileID: 0}
  m_GameObject: {fileID: 292114649}
  m_LocalRotation: {x: 0.40821788, y: -0.23456968, z: 0.10938163, w: 0.8754261}
  m_LocalPosition: {x: 0, y: 3, z: 0}
  m_LocalScale: {x: 1, y: 1, z: 1}
  m_Children: []
  m_Father: {fileID: 0}
  m_RootOrder: 1
  m_LocalEulerAnglesHint: {x: 50, y: -30, z: 0}
--- !u!1001 &435391211
Prefab:
  m_ObjectHideFlags: 0
  serializedVersion: 2
  m_Modification:
    m_TransformParent: {fileID: 0}
    m_Modifications:
    - target: {fileID: 4613679291627696, guid: 4e04ad5a6e5ef164291ae70f1fd16499, type: 2}
      propertyPath: m_LocalPosition.x
      value: -2.26
      objectReference: {fileID: 0}
    - target: {fileID: 4613679291627696, guid: 4e04ad5a6e5ef164291ae70f1fd16499, type: 2}
      propertyPath: m_LocalPosition.y
      value: 1.72
      objectReference: {fileID: 0}
    - target: {fileID: 4613679291627696, guid: 4e04ad5a6e5ef164291ae70f1fd16499, type: 2}
      propertyPath: m_LocalPosition.z
      value: -6.07
      objectReference: {fileID: 0}
    - target: {fileID: 4613679291627696, guid: 4e04ad5a6e5ef164291ae70f1fd16499, type: 2}
      propertyPath: m_LocalRotation.x
      value: 0
      objectReference: {fileID: 0}
    - target: {fileID: 4613679291627696, guid: 4e04ad5a6e5ef164291ae70f1fd16499, type: 2}
      propertyPath: m_LocalRotation.y
      value: 0
      objectReference: {fileID: 0}
    - target: {fileID: 4613679291627696, guid: 4e04ad5a6e5ef164291ae70f1fd16499, type: 2}
      propertyPath: m_LocalRotation.z
      value: 0
      objectReference: {fileID: 0}
    - target: {fileID: 4613679291627696, guid: 4e04ad5a6e5ef164291ae70f1fd16499, type: 2}
      propertyPath: m_LocalRotation.w
      value: 1
      objectReference: {fileID: 0}
    - target: {fileID: 4613679291627696, guid: 4e04ad5a6e5ef164291ae70f1fd16499, type: 2}
      propertyPath: m_RootOrder
      value: 8
      objectReference: {fileID: 0}
    - target: {fileID: 114157338369993644, guid: 4e04ad5a6e5ef164291ae70f1fd16499,
        type: 2}
      propertyPath: Type
      value: 1
      objectReference: {fileID: 0}
    m_RemovedComponents: []
  m_ParentPrefab: {fileID: 100100000, guid: 4e04ad5a6e5ef164291ae70f1fd16499, type: 2}
  m_IsPrefabParent: 0
--- !u!1 &473859870
GameObject:
  m_ObjectHideFlags: 0
  m_PrefabParentObject: {fileID: 0}
  m_PrefabInternal: {fileID: 0}
  serializedVersion: 5
  m_Component:
  - component: {fileID: 473859871}
  - component: {fileID: 473859875}
  - component: {fileID: 473859874}
  - component: {fileID: 473859873}
  - component: {fileID: 473859872}
  m_Layer: 5
  m_Name: Tomato
  m_TagString: Untagged
  m_Icon: {fileID: 0}
  m_NavMeshLayer: 0
  m_StaticEditorFlags: 0
  m_IsActive: 0
--- !u!224 &473859871
RectTransform:
  m_ObjectHideFlags: 0
  m_PrefabParentObject: {fileID: 0}
  m_PrefabInternal: {fileID: 0}
  m_GameObject: {fileID: 473859870}
  m_LocalRotation: {x: 0, y: 0, z: 0, w: 1}
  m_LocalPosition: {x: -125, y: -66.5, z: 0}
  m_LocalScale: {x: 1, y: 1, z: 1}
  m_Children: []
  m_Father: {fileID: 57075913}
  m_RootOrder: 3
  m_LocalEulerAnglesHint: {x: 0, y: 0, z: 0}
  m_AnchorMin: {x: 0.5, y: 0.5}
  m_AnchorMax: {x: 0.5, y: 0.5}
  m_AnchoredPosition: {x: -125, y: -66.5}
  m_SizeDelta: {x: 100, y: 100}
  m_Pivot: {x: 0.5, y: 0.5}
--- !u!114 &473859872
MonoBehaviour:
  m_ObjectHideFlags: 0
  m_PrefabParentObject: {fileID: 0}
  m_PrefabInternal: {fileID: 0}
  m_GameObject: {fileID: 473859870}
  m_Enabled: 1
  m_EditorHideFlags: 0
  m_Script: {fileID: 11500000, guid: 03a94c6fb45520d46b9d10371ebd0a91, type: 3}
  m_Name: 
  m_EditorClassIdentifier: 
--- !u!114 &473859873
MonoBehaviour:
  m_ObjectHideFlags: 0
  m_PrefabParentObject: {fileID: 0}
  m_PrefabInternal: {fileID: 0}
  m_GameObject: {fileID: 473859870}
  m_Enabled: 1
  m_EditorHideFlags: 0
  m_Script: {fileID: -1862395651, guid: f70555f144d8491a825f0804e09c671c, type: 3}
  m_Name: 
  m_EditorClassIdentifier: 
  m_Delegates:
  - eventID: 4
    callback:
      m_PersistentCalls:
        m_Calls:
        - m_Target: {fileID: 473859872}
          m_MethodName: Touch
          m_Mode: 1
          m_Arguments:
            m_ObjectArgument: {fileID: 0}
            m_ObjectArgumentAssemblyTypeName: UnityEngine.Object, UnityEngine
            m_IntArgument: 0
            m_FloatArgument: 0
            m_StringArgument: 
            m_BoolArgument: 0
          m_CallState: 2
      m_TypeName: UnityEngine.EventSystems.EventTrigger+TriggerEvent, UnityEngine.UI,
        Version=1.0.0.0, Culture=neutral, PublicKeyToken=null
  - eventID: 0
    callback:
      m_PersistentCalls:
        m_Calls:
        - m_Target: {fileID: 473859872}
          m_MethodName: Touch
          m_Mode: 1
          m_Arguments:
            m_ObjectArgument: {fileID: 0}
            m_ObjectArgumentAssemblyTypeName: UnityEngine.Object, UnityEngine
            m_IntArgument: 0
            m_FloatArgument: 0
            m_StringArgument: 
            m_BoolArgument: 0
          m_CallState: 2
      m_TypeName: UnityEngine.EventSystems.EventTrigger+TriggerEvent, UnityEngine.UI,
        Version=1.0.0.0, Culture=neutral, PublicKeyToken=null
  delegates: []
--- !u!114 &473859874
MonoBehaviour:
  m_ObjectHideFlags: 0
  m_PrefabParentObject: {fileID: 0}
  m_PrefabInternal: {fileID: 0}
  m_GameObject: {fileID: 473859870}
  m_Enabled: 1
  m_EditorHideFlags: 0
  m_Script: {fileID: -765806418, guid: f70555f144d8491a825f0804e09c671c, type: 3}
  m_Name: 
  m_EditorClassIdentifier: 
  m_Material: {fileID: 0}
  m_Color: {r: 1, g: 1, b: 1, a: 1}
  m_RaycastTarget: 1
  m_OnCullStateChanged:
    m_PersistentCalls:
      m_Calls: []
    m_TypeName: UnityEngine.UI.MaskableGraphic+CullStateChangedEvent, UnityEngine.UI,
      Version=1.0.0.0, Culture=neutral, PublicKeyToken=null
  m_Sprite: {fileID: 0}
  m_Type: 0
  m_PreserveAspect: 0
  m_FillCenter: 1
  m_FillMethod: 4
  m_FillAmount: 1
  m_FillClockwise: 1
  m_FillOrigin: 0
--- !u!222 &473859875
CanvasRenderer:
  m_ObjectHideFlags: 0
  m_PrefabParentObject: {fileID: 0}
  m_PrefabInternal: {fileID: 0}
  m_GameObject: {fileID: 473859870}
--- !u!1 &474114151
GameObject:
  m_ObjectHideFlags: 0
  m_PrefabParentObject: {fileID: 1839097294770378, guid: e93836803499e624b91d9b4d774ffbd4,
    type: 2}
  m_PrefabInternal: {fileID: 0}
  serializedVersion: 5
  m_Component:
  - component: {fileID: 474114152}
  m_Layer: 0
  m_Name: Lower_Arm_L
  m_TagString: Untagged
  m_Icon: {fileID: 0}
  m_NavMeshLayer: 0
  m_StaticEditorFlags: 0
  m_IsActive: 1
--- !u!4 &474114152
Transform:
  m_ObjectHideFlags: 0
  m_PrefabParentObject: {fileID: 4063315403023400, guid: e93836803499e624b91d9b4d774ffbd4,
    type: 2}
  m_PrefabInternal: {fileID: 0}
  m_GameObject: {fileID: 474114151}
  m_LocalRotation: {x: 0.010026276, y: 0.19949807, z: 0.0017951801, w: 0.9798453}
  m_LocalPosition: {x: -52.583324, y: 0.0000056810673, z: 0.0000024447215}
  m_LocalScale: {x: 1, y: 1, z: 1}
  m_Children:
  - {fileID: 1886857459}
  m_Father: {fileID: 1175357265}
  m_RootOrder: 0
  m_LocalEulerAnglesHint: {x: 0, y: 0, z: 0}
--- !u!1 &562670988
GameObject:
  m_ObjectHideFlags: 0
  m_PrefabParentObject: {fileID: 1897464614628548, guid: e93836803499e624b91d9b4d774ffbd4,
    type: 2}
  m_PrefabInternal: {fileID: 0}
  serializedVersion: 5
  m_Component:
  - component: {fileID: 562670989}
  m_Layer: 0
  m_Name: Upper_Reg_R
  m_TagString: Untagged
  m_Icon: {fileID: 0}
  m_NavMeshLayer: 0
  m_StaticEditorFlags: 0
  m_IsActive: 1
--- !u!4 &562670989
Transform:
  m_ObjectHideFlags: 0
  m_PrefabParentObject: {fileID: 4803452463384228, guid: e93836803499e624b91d9b4d774ffbd4,
    type: 2}
  m_PrefabInternal: {fileID: 0}
  m_GameObject: {fileID: 562670988}
  m_LocalRotation: {x: -0.08243881, y: 0.13413878, z: 0.96318036, w: 0.21793163}
  m_LocalPosition: {x: 9.092879, y: 7.3383765, z: 32.5929}
  m_LocalScale: {x: 1, y: 1, z: 1}
  m_Children:
  - {fileID: 1695120765}
  m_Father: {fileID: 187400157}
  m_RootOrder: 3
  m_LocalEulerAnglesHint: {x: 0, y: 0, z: 0}
--- !u!1 &610384004
GameObject:
  m_ObjectHideFlags: 0
  m_PrefabParentObject: {fileID: 1983320778914030, guid: e93836803499e624b91d9b4d774ffbd4,
    type: 2}
  m_PrefabInternal: {fileID: 0}
  serializedVersion: 5
  m_Component:
  - component: {fileID: 610384005}
  m_Layer: 0
  m_Name: Foot_R
  m_TagString: Untagged
  m_Icon: {fileID: 0}
  m_NavMeshLayer: 0
  m_StaticEditorFlags: 0
  m_IsActive: 1
--- !u!4 &610384005
Transform:
  m_ObjectHideFlags: 0
  m_PrefabParentObject: {fileID: 4604378072892942, guid: e93836803499e624b91d9b4d774ffbd4,
    type: 2}
  m_PrefabInternal: {fileID: 0}
  m_GameObject: {fileID: 610384004}
  m_LocalRotation: {x: -0.5256343, y: -0.7774275, z: -0.14934671, w: 0.31146565}
  m_LocalPosition: {x: -20.503082, y: 0.00000447035, z: -0.0000007450584}
  m_LocalScale: {x: 1, y: 1, z: 1}
  m_Children:
  - {fileID: 238958732}
  m_Father: {fileID: 1695120765}
  m_RootOrder: 0
  m_LocalEulerAnglesHint: {x: 0, y: 0, z: 0}
--- !u!1001 &793847393
Prefab:
  m_ObjectHideFlags: 0
  serializedVersion: 2
  m_Modification:
    m_TransformParent: {fileID: 0}
    m_Modifications:
    - target: {fileID: 4241371872564126, guid: 86d95947e90d730419cd917245a5f944, type: 2}
      propertyPath: m_LocalPosition.x
      value: 9.197832
      objectReference: {fileID: 0}
    - target: {fileID: 4241371872564126, guid: 86d95947e90d730419cd917245a5f944, type: 2}
      propertyPath: m_LocalPosition.y
      value: 2.23
      objectReference: {fileID: 0}
    - target: {fileID: 4241371872564126, guid: 86d95947e90d730419cd917245a5f944, type: 2}
      propertyPath: m_LocalPosition.z
      value: 2.6647115
      objectReference: {fileID: 0}
    - target: {fileID: 4241371872564126, guid: 86d95947e90d730419cd917245a5f944, type: 2}
      propertyPath: m_LocalRotation.x
      value: -0
      objectReference: {fileID: 0}
    - target: {fileID: 4241371872564126, guid: 86d95947e90d730419cd917245a5f944, type: 2}
      propertyPath: m_LocalRotation.y
      value: -0.98543453
      objectReference: {fileID: 0}
    - target: {fileID: 4241371872564126, guid: 86d95947e90d730419cd917245a5f944, type: 2}
      propertyPath: m_LocalRotation.z
      value: -0
      objectReference: {fileID: 0}
    - target: {fileID: 4241371872564126, guid: 86d95947e90d730419cd917245a5f944, type: 2}
      propertyPath: m_LocalRotation.w
      value: -0.17005531
      objectReference: {fileID: 0}
    - target: {fileID: 4241371872564126, guid: 86d95947e90d730419cd917245a5f944, type: 2}
      propertyPath: m_RootOrder
      value: 7
      objectReference: {fileID: 0}
    - target: {fileID: 1221193921736228, guid: 86d95947e90d730419cd917245a5f944, type: 2}
      propertyPath: m_Name
      value: CustomRPG-CharacterXX
      objectReference: {fileID: 0}
    m_RemovedComponents: []
  m_ParentPrefab: {fileID: 100100000, guid: 86d95947e90d730419cd917245a5f944, type: 2}
  m_IsPrefabParent: 0
--- !u!1 &807419366
GameObject:
  m_ObjectHideFlags: 0
  m_PrefabParentObject: {fileID: 1149164099274976, guid: e93836803499e624b91d9b4d774ffbd4,
    type: 2}
  m_PrefabInternal: {fileID: 0}
  serializedVersion: 5
  m_Component:
  - component: {fileID: 807419367}
  m_Layer: 0
  m_Name: Index_Proximal_L
  m_TagString: Untagged
  m_Icon: {fileID: 0}
  m_NavMeshLayer: 0
  m_StaticEditorFlags: 0
  m_IsActive: 1
--- !u!4 &807419367
Transform:
  m_ObjectHideFlags: 0
  m_PrefabParentObject: {fileID: 4307830906259012, guid: e93836803499e624b91d9b4d774ffbd4,
    type: 2}
  m_PrefabInternal: {fileID: 0}
  m_GameObject: {fileID: 807419366}
  m_LocalRotation: {x: 0, y: -0.0075011007, z: -0, w: 0.99997187}
  m_LocalPosition: {x: -19.24054, y: -2.842171e-14, z: -1.7763568e-14}
  m_LocalScale: {x: 1, y: 1, z: 1}
  m_Children: []
  m_Father: {fileID: 1886857459}
  m_RootOrder: 0
  m_LocalEulerAnglesHint: {x: 0, y: -0.859571, z: 0}
--- !u!1 &822582584
GameObject:
  m_ObjectHideFlags: 0
  m_PrefabParentObject: {fileID: 1873534289098382, guid: e93836803499e624b91d9b4d774ffbd4,
    type: 2}
  m_PrefabInternal: {fileID: 0}
  serializedVersion: 5
  m_Component:
  - component: {fileID: 822582585}
  m_Layer: 0
  m_Name: Armor_R
  m_TagString: Untagged
  m_Icon: {fileID: 0}
  m_NavMeshLayer: 0
  m_StaticEditorFlags: 0
  m_IsActive: 1
--- !u!4 &822582585
Transform:
  m_ObjectHideFlags: 0
  m_PrefabParentObject: {fileID: 4489113451559128, guid: e93836803499e624b91d9b4d774ffbd4,
    type: 2}
  m_PrefabInternal: {fileID: 0}
  m_GameObject: {fileID: 822582584}
  m_LocalRotation: {x: -0.20742638, y: 0.6987405, z: 0.27604166, w: 0.6265278}
  m_LocalPosition: {x: -8.595506, y: 42.481396, z: 85.16347}
  m_LocalScale: {x: 1, y: 1, z: 1}
  m_Children: []
  m_Father: {fileID: 1995386569}
  m_RootOrder: 1
  m_LocalEulerAnglesHint: {x: -22.968092, y: 86.08115, z: 44.463165}
--- !u!1 &893732834
GameObject:
  m_ObjectHideFlags: 0
  m_PrefabParentObject: {fileID: 1870725669163130, guid: e93836803499e624b91d9b4d774ffbd4,
    type: 2}
  m_PrefabInternal: {fileID: 0}
  serializedVersion: 5
  m_Component:
  - component: {fileID: 893732835}
  m_Layer: 0
  m_Name: Upper_Leg_L
  m_TagString: Untagged
  m_Icon: {fileID: 0}
  m_NavMeshLayer: 0
  m_StaticEditorFlags: 0
  m_IsActive: 1
--- !u!4 &893732835
Transform:
  m_ObjectHideFlags: 0
  m_PrefabParentObject: {fileID: 4117314124878644, guid: e93836803499e624b91d9b4d774ffbd4,
    type: 2}
  m_PrefabInternal: {fileID: 0}
  m_GameObject: {fileID: 893732834}
  m_LocalRotation: {x: -0.008203945, y: -0.40338483, z: 0.7598777, w: 0.5097051}
  m_LocalPosition: {x: 9.092922, y: 7.338408, z: -32.592945}
  m_LocalScale: {x: 1, y: 1, z: 1}
  m_Children:
  - {fileID: 1506571419}
  m_Father: {fileID: 187400157}
  m_RootOrder: 2
  m_LocalEulerAnglesHint: {x: 0, y: 0, z: 0}
--- !u!1 &914824341
GameObject:
  m_ObjectHideFlags: 0
  m_PrefabParentObject: {fileID: 100004, guid: baec086904791744185aaa07a6cf55c2, type: 2}
  m_PrefabInternal: {fileID: 0}
  serializedVersion: 5
  m_Component:
  - component: {fileID: 914824346}
  - component: {fileID: 914824345}
  - component: {fileID: 914824344}
  - component: {fileID: 914824342}
  - component: {fileID: 914824343}
  m_Layer: 0
  m_Name: CustomMultipurposeCameraRig
  m_TagString: Untagged
  m_Icon: {fileID: -215833656, guid: 0000000000000000d000000000000000, type: 0}
  m_NavMeshLayer: 0
  m_StaticEditorFlags: 0
  m_IsActive: 1
--- !u!114 &914824342
MonoBehaviour:
  m_ObjectHideFlags: 0
  m_PrefabParentObject: {fileID: 0}
  m_PrefabInternal: {fileID: 0}
  m_GameObject: {fileID: 914824341}
  m_Enabled: 0
  m_EditorHideFlags: 0
  m_Script: {fileID: 11500000, guid: d1019981cf546d04dbed4f342f023237, type: 3}
  m_Name: 
  m_EditorClassIdentifier: 
  TargetCanvas: {fileID: 57075909}
  PopupText: {fileID: 1632797377}
--- !u!114 &914824343
MonoBehaviour:
  m_ObjectHideFlags: 0
  m_PrefabParentObject: {fileID: 0}
  m_PrefabInternal: {fileID: 0}
  m_GameObject: {fileID: 914824341}
  m_Enabled: 1
  m_EditorHideFlags: 0
  m_Script: {fileID: 11500000, guid: 61a970cd62de95d4f8ec45bdd2a89719, type: 3}
  m_Name: 
  m_EditorClassIdentifier: 
  m_Target: {fileID: 1214336222}
  m_AutoTargetPlayer: 0
  m_UpdateType: 0
  m_MoveSpeed: 10
  m_TurnSpeed: 10
  m_RollSpeed: 10
  m_FollowVelocity: 1
  m_FollowTilt: 1
  m_SpinTurnLimit: 90
  m_TargetVelocityLowerLimit: 30
  m_SmoothTurnTime: 0.2
--- !u!114 &914824344
MonoBehaviour:
  m_ObjectHideFlags: 0
  m_PrefabParentObject: {fileID: 11400002, guid: baec086904791744185aaa07a6cf55c2,
    type: 2}
  m_PrefabInternal: {fileID: 0}
  m_GameObject: {fileID: 914824341}
  m_Enabled: 0
  m_EditorHideFlags: 0
  m_Script: {fileID: 11500000, guid: 94b04ec3bda6b7747aa53936ef3b0ae2, type: 3}
  m_Name: 
  m_EditorClassIdentifier: 
  clipMoveTime: 0.05
  returnTime: 0.4
  sphereCastRadius: 0.1
  visualiseInEditor: 1
  closestDistance: 0.5
  dontClipTag: Player
--- !u!54 &914824345
Rigidbody:
  m_ObjectHideFlags: 0
  m_PrefabParentObject: {fileID: 5400000, guid: baec086904791744185aaa07a6cf55c2,
    type: 2}
  m_PrefabInternal: {fileID: 0}
  m_GameObject: {fileID: 914824341}
  serializedVersion: 2
  m_Mass: 1
  m_Drag: 0.2
  m_AngularDrag: 0.05
  m_UseGravity: 0
  m_IsKinematic: 1
  m_Interpolate: 0
  m_Constraints: 0
  m_CollisionDetection: 0
--- !u!4 &914824346
Transform:
  m_ObjectHideFlags: 0
  m_PrefabParentObject: {fileID: 400004, guid: baec086904791744185aaa07a6cf55c2, type: 2}
  m_PrefabInternal: {fileID: 0}
  m_GameObject: {fileID: 914824341}
  m_LocalRotation: {x: 0, y: 0, z: 0, w: 1}
  m_LocalPosition: {x: -1.9, y: 6, z: -24.4}
  m_LocalScale: {x: 1, y: 1, z: 1}
  m_Children:
  - {fileID: 1048848016}
  m_Father: {fileID: 0}
  m_RootOrder: 3
  m_LocalEulerAnglesHint: {x: 0, y: 0, z: 0}
--- !u!1 &976969952
GameObject:
  m_ObjectHideFlags: 0
  m_PrefabParentObject: {fileID: 0}
  m_PrefabInternal: {fileID: 0}
  serializedVersion: 5
  m_Component:
  - component: {fileID: 976969956}
  - component: {fileID: 976969955}
  - component: {fileID: 976969954}
  - component: {fileID: 976969953}
  m_Layer: 0
  m_Name: Camera
  m_TagString: Untagged
  m_Icon: {fileID: 0}
  m_NavMeshLayer: 0
  m_StaticEditorFlags: 0
  m_IsActive: 0
--- !u!81 &976969953
AudioListener:
  m_ObjectHideFlags: 0
  m_PrefabParentObject: {fileID: 0}
  m_PrefabInternal: {fileID: 0}
  m_GameObject: {fileID: 976969952}
  m_Enabled: 1
--- !u!124 &976969954
Behaviour:
  m_ObjectHideFlags: 0
  m_PrefabParentObject: {fileID: 0}
  m_PrefabInternal: {fileID: 0}
  m_GameObject: {fileID: 976969952}
  m_Enabled: 1
--- !u!20 &976969955
Camera:
  m_ObjectHideFlags: 0
  m_PrefabParentObject: {fileID: 0}
  m_PrefabInternal: {fileID: 0}
  m_GameObject: {fileID: 976969952}
  m_Enabled: 1
  serializedVersion: 2
  m_ClearFlags: 1
  m_BackGroundColor: {r: 0.19215687, g: 0.3019608, b: 0.4745098, a: 0}
  m_NormalizedViewPortRect:
    serializedVersion: 2
    x: 0
    y: 0
    width: 1
    height: 1
  near clip plane: 0.3
  far clip plane: 1000
  field of view: 60
  orthographic: 0
  orthographic size: 5
  m_Depth: 0
  m_CullingMask:
    serializedVersion: 2
    m_Bits: 4294967295
  m_RenderingPath: -1
  m_TargetTexture: {fileID: 0}
  m_TargetDisplay: 0
  m_TargetEye: 3
  m_HDR: 1
  m_AllowMSAA: 1
  m_ForceIntoRT: 0
  m_OcclusionCulling: 1
  m_StereoConvergence: 10
  m_StereoSeparation: 0.022
--- !u!4 &976969956
Transform:
  m_ObjectHideFlags: 0
  m_PrefabParentObject: {fileID: 0}
  m_PrefabInternal: {fileID: 0}
  m_GameObject: {fileID: 976969952}
  m_LocalRotation: {x: 0, y: 0, z: 0, w: 1}
  m_LocalPosition: {x: 0.35, y: 2.1, z: -12.42}
  m_LocalScale: {x: 1, y: 1, z: 1}
  m_Children: []
  m_Father: {fileID: 0}
  m_RootOrder: 0
  m_LocalEulerAnglesHint: {x: 0, y: 0, z: 0}
--- !u!1 &1040829390
GameObject:
  m_ObjectHideFlags: 0
  m_PrefabParentObject: {fileID: 1448293586089248, guid: e93836803499e624b91d9b4d774ffbd4,
    type: 2}
  m_PrefabInternal: {fileID: 0}
  serializedVersion: 5
  m_Component:
  - component: {fileID: 1040829391}
  m_Layer: 0
  m_Name: Head
  m_TagString: Untagged
  m_Icon: {fileID: 0}
  m_NavMeshLayer: 0
  m_StaticEditorFlags: 0
  m_IsActive: 1
--- !u!4 &1040829391
Transform:
  m_ObjectHideFlags: 0
  m_PrefabParentObject: {fileID: 4232923594100938, guid: e93836803499e624b91d9b4d774ffbd4,
    type: 2}
  m_PrefabInternal: {fileID: 0}
  m_GameObject: {fileID: 1040829390}
  m_LocalRotation: {x: 0.11145416, y: -0.06344164, z: 0.73943704, w: 0.6608979}
  m_LocalPosition: {x: -66.590004, y: 0, z: 0.0000029802322}
  m_LocalScale: {x: 1, y: 1, z: 1}
  m_Children:
  - {fileID: 2012241275}
  m_Father: {fileID: 1995386569}
  m_RootOrder: 2
  m_LocalEulerAnglesHint: {x: 0, y: 0, z: 0}
--- !u!1 &1048848015
GameObject:
  m_ObjectHideFlags: 0
  m_PrefabParentObject: {fileID: 100000, guid: baec086904791744185aaa07a6cf55c2, type: 2}
  m_PrefabInternal: {fileID: 0}
  serializedVersion: 5
  m_Component:
  - component: {fileID: 1048848016}
  m_Layer: 0
  m_Name: Pivot
  m_TagString: Untagged
  m_Icon: {fileID: -1500306622, guid: 0000000000000000d000000000000000, type: 0}
  m_NavMeshLayer: 0
  m_StaticEditorFlags: 0
  m_IsActive: 1
--- !u!4 &1048848016
Transform:
  m_ObjectHideFlags: 0
  m_PrefabParentObject: {fileID: 400000, guid: baec086904791744185aaa07a6cf55c2, type: 2}
  m_PrefabInternal: {fileID: 0}
  m_GameObject: {fileID: 1048848015}
  m_LocalRotation: {x: 0, y: 0, z: 0, w: 1}
  m_LocalPosition: {x: 0, y: 2, z: -3}
  m_LocalScale: {x: 1, y: 1, z: 1}
  m_Children:
  - {fileID: 1451198426}
  m_Father: {fileID: 914824346}
  m_RootOrder: 0
  m_LocalEulerAnglesHint: {x: 0, y: 0, z: 0}
--- !u!1 &1175357264
GameObject:
  m_ObjectHideFlags: 0
  m_PrefabParentObject: {fileID: 1769930830708874, guid: e93836803499e624b91d9b4d774ffbd4,
    type: 2}
  m_PrefabInternal: {fileID: 0}
  serializedVersion: 5
  m_Component:
  - component: {fileID: 1175357265}
  m_Layer: 0
  m_Name: Upper_Arm_L
  m_TagString: Untagged
  m_Icon: {fileID: 0}
  m_NavMeshLayer: 0
  m_StaticEditorFlags: 0
  m_IsActive: 1
--- !u!4 &1175357265
Transform:
  m_ObjectHideFlags: 0
  m_PrefabParentObject: {fileID: 4239380803973332, guid: e93836803499e624b91d9b4d774ffbd4,
    type: 2}
  m_PrefabInternal: {fileID: 0}
  m_GameObject: {fileID: 1175357264}
  m_LocalRotation: {x: -0.17959146, y: -0.51582634, z: 0.30664137, w: 0.7795134}
  m_LocalPosition: {x: 6.8123693, y: 21.660143, z: -57.45551}
  m_LocalScale: {x: 1, y: 1, z: 1}
  m_Children:
  - {fileID: 474114152}
  m_Father: {fileID: 1995386569}
  m_RootOrder: 3
  m_LocalEulerAnglesHint: {x: 0, y: 0, z: 0}
--- !u!1 &1206220684
GameObject:
  m_ObjectHideFlags: 0
  m_PrefabParentObject: {fileID: 1031201514019660, guid: e93836803499e624b91d9b4d774ffbd4,
    type: 2}
  m_PrefabInternal: {fileID: 0}
  serializedVersion: 5
  m_Component:
  - component: {fileID: 1206220685}
  m_Layer: 0
  m_Name: Lower_Arm_R
  m_TagString: Untagged
  m_Icon: {fileID: 0}
  m_NavMeshLayer: 0
  m_StaticEditorFlags: 0
  m_IsActive: 1
--- !u!4 &1206220685
Transform:
  m_ObjectHideFlags: 0
  m_PrefabParentObject: {fileID: 4494899832448646, guid: e93836803499e624b91d9b4d774ffbd4,
    type: 2}
  m_PrefabInternal: {fileID: 0}
  m_GameObject: {fileID: 1206220684}
  m_LocalRotation: {x: 0.23326872, y: -0.6761002, z: 0.13399963, w: 0.6859434}
  m_LocalPosition: {x: -52.58355, y: 0.0000054016728, z: -0.000002980232}
  m_LocalScale: {x: 1, y: 1, z: 1}
  m_Children:
  - {fileID: 2100798485}
  m_Father: {fileID: 1476416198}
  m_RootOrder: 0
  m_LocalEulerAnglesHint: {x: 0, y: 0, z: 0}
--- !u!1 &1214336210 stripped
GameObject:
  m_PrefabParentObject: {fileID: 1221193921736228, guid: 86d95947e90d730419cd917245a5f944,
    type: 2}
  m_PrefabInternal: {fileID: 793847393}
--- !u!4 &1214336222 stripped
Transform:
  m_PrefabParentObject: {fileID: 4241371872564126, guid: 86d95947e90d730419cd917245a5f944,
    type: 2}
  m_PrefabInternal: {fileID: 793847393}
--- !u!1 &1348490213
GameObject:
  m_ObjectHideFlags: 0
  m_PrefabParentObject: {fileID: 0}
  m_PrefabInternal: {fileID: 0}
  serializedVersion: 5
  m_Component:
  - component: {fileID: 1348490216}
  - component: {fileID: 1348490215}
  - component: {fileID: 1348490214}
  m_Layer: 0
  m_Name: EventSystem
  m_TagString: Untagged
  m_Icon: {fileID: 0}
  m_NavMeshLayer: 0
  m_StaticEditorFlags: 0
  m_IsActive: 1
--- !u!114 &1348490214
MonoBehaviour:
  m_ObjectHideFlags: 0
  m_PrefabParentObject: {fileID: 0}
  m_PrefabInternal: {fileID: 0}
  m_GameObject: {fileID: 1348490213}
  m_Enabled: 1
  m_EditorHideFlags: 0
  m_Script: {fileID: 1077351063, guid: f70555f144d8491a825f0804e09c671c, type: 3}
  m_Name: 
  m_EditorClassIdentifier: 
  m_HorizontalAxis: Horizontal
  m_VerticalAxis: Vertical
  m_SubmitButton: Submit
  m_CancelButton: Cancel
  m_InputActionsPerSecond: 10
  m_RepeatDelay: 0.5
  m_ForceModuleActive: 0
--- !u!114 &1348490215
MonoBehaviour:
  m_ObjectHideFlags: 0
  m_PrefabParentObject: {fileID: 0}
  m_PrefabInternal: {fileID: 0}
  m_GameObject: {fileID: 1348490213}
  m_Enabled: 1
  m_EditorHideFlags: 0
  m_Script: {fileID: -619905303, guid: f70555f144d8491a825f0804e09c671c, type: 3}
  m_Name: 
  m_EditorClassIdentifier: 
  m_FirstSelected: {fileID: 0}
  m_sendNavigationEvents: 1
  m_DragThreshold: 5
--- !u!4 &1348490216
Transform:
  m_ObjectHideFlags: 0
  m_PrefabParentObject: {fileID: 0}
  m_PrefabInternal: {fileID: 0}
  m_GameObject: {fileID: 1348490213}
  m_LocalRotation: {x: 0, y: 0, z: 0, w: 1}
  m_LocalPosition: {x: 0, y: 0, z: 0}
  m_LocalScale: {x: 1, y: 1, z: 1}
  m_Children: []
  m_Father: {fileID: 0}
  m_RootOrder: 6
  m_LocalEulerAnglesHint: {x: 0, y: 0, z: 0}
--- !u!1 &1386330307
GameObject:
  m_ObjectHideFlags: 0
  m_PrefabParentObject: {fileID: 0}
  m_PrefabInternal: {fileID: 0}
  serializedVersion: 5
  m_Component:
  - component: {fileID: 1386330312}
  - component: {fileID: 1386330311}
  - component: {fileID: 1386330310}
  - component: {fileID: 1386330309}
  - component: {fileID: 1386330308}
  m_Layer: 0
  m_Name: FallDown
  m_TagString: Untagged
  m_Icon: {fileID: 0}
  m_NavMeshLayer: 0
  m_StaticEditorFlags: 0
  m_IsActive: 1
--- !u!114 &1386330308
MonoBehaviour:
  m_ObjectHideFlags: 0
  m_PrefabParentObject: {fileID: 0}
  m_PrefabInternal: {fileID: 0}
  m_GameObject: {fileID: 1386330307}
  m_Enabled: 1
  m_EditorHideFlags: 0
  m_Script: {fileID: 11500000, guid: 882b310ceb4027547ad835f045dd8b7c, type: 3}
  m_Name: 
  m_EditorClassIdentifier: 
  player: {fileID: 1214336210}
--- !u!23 &1386330309
MeshRenderer:
  m_ObjectHideFlags: 0
  m_PrefabParentObject: {fileID: 0}
  m_PrefabInternal: {fileID: 0}
  m_GameObject: {fileID: 1386330307}
  m_Enabled: 0
  m_CastShadows: 1
  m_ReceiveShadows: 1
  m_DynamicOccludee: 1
  m_MotionVectors: 1
  m_LightProbeUsage: 1
  m_ReflectionProbeUsage: 1
  m_Materials:
  - {fileID: 10303, guid: 0000000000000000f000000000000000, type: 0}
  m_StaticBatchInfo:
    firstSubMesh: 0
    subMeshCount: 0
  m_StaticBatchRoot: {fileID: 0}
  m_ProbeAnchor: {fileID: 0}
  m_LightProbeVolumeOverride: {fileID: 0}
  m_ScaleInLightmap: 1
  m_PreserveUVs: 1
  m_IgnoreNormalsForChartDetection: 0
  m_ImportantGI: 0
  m_StitchLightmapSeams: 0
  m_SelectedEditorRenderState: 3
  m_MinimumChartSize: 4
  m_AutoUVMaxDistance: 0.5
  m_AutoUVMaxAngle: 89
  m_LightmapParameters: {fileID: 0}
  m_SortingLayerID: 0
  m_SortingLayer: 0
  m_SortingOrder: 0
--- !u!65 &1386330310
BoxCollider:
  m_ObjectHideFlags: 0
  m_PrefabParentObject: {fileID: 0}
  m_PrefabInternal: {fileID: 0}
  m_GameObject: {fileID: 1386330307}
  m_Material: {fileID: 0}
  m_IsTrigger: 1
  m_Enabled: 1
  serializedVersion: 2
  m_Size: {x: 1, y: 1, z: 1}
  m_Center: {x: 0, y: 0, z: 0}
--- !u!33 &1386330311
MeshFilter:
  m_ObjectHideFlags: 0
  m_PrefabParentObject: {fileID: 0}
  m_PrefabInternal: {fileID: 0}
  m_GameObject: {fileID: 1386330307}
  m_Mesh: {fileID: 10202, guid: 0000000000000000e000000000000000, type: 0}
--- !u!4 &1386330312
Transform:
  m_ObjectHideFlags: 0
  m_PrefabParentObject: {fileID: 0}
  m_PrefabInternal: {fileID: 0}
  m_GameObject: {fileID: 1386330307}
  m_LocalRotation: {x: 0, y: 0, z: 0, w: 1}
  m_LocalPosition: {x: 0, y: -5, z: 0}
  m_LocalScale: {x: 86.88238, y: 1.7376466, z: 86.88233}
  m_Children: []
  m_Father: {fileID: 0}
  m_RootOrder: 4
  m_LocalEulerAnglesHint: {x: 0, y: 0, z: 0}
--- !u!1 &1447182553
GameObject:
  m_ObjectHideFlags: 0
  m_PrefabParentObject: {fileID: 1667688112167284, guid: e93836803499e624b91d9b4d774ffbd4,
    type: 2}
  m_PrefabInternal: {fileID: 0}
  serializedVersion: 5
  m_Component:
  - component: {fileID: 1447182554}
  - component: {fileID: 1447182557}
  - component: {fileID: 1447182556}
  - component: {fileID: 1447182555}
  m_Layer: 0
  m_Name: Shadow
  m_TagString: Untagged
  m_Icon: {fileID: 0}
  m_NavMeshLayer: 0
  m_StaticEditorFlags: 0
  m_IsActive: 1
--- !u!4 &1447182554
Transform:
  m_ObjectHideFlags: 0
  m_PrefabParentObject: {fileID: 4386333082483990, guid: e93836803499e624b91d9b4d774ffbd4,
    type: 2}
  m_PrefabInternal: {fileID: 0}
  m_GameObject: {fileID: 1447182553}
  m_LocalRotation: {x: 0.7071068, y: -1.1200534e-15, z: 1.1200534e-15, w: 0.7071068}
  m_LocalPosition: {x: 0, y: 0.05, z: 0}
  m_LocalScale: {x: 3.3314352, y: 3.3314357, z: 3.3314357}
  m_Children: []
  m_Father: {fileID: 233408545}
  m_RootOrder: 3
  m_LocalEulerAnglesHint: {x: 0, y: 0, z: 0}
--- !u!23 &1447182555
MeshRenderer:
  m_ObjectHideFlags: 0
  m_PrefabParentObject: {fileID: 23616299496881614, guid: e93836803499e624b91d9b4d774ffbd4,
    type: 2}
  m_PrefabInternal: {fileID: 0}
  m_GameObject: {fileID: 1447182553}
  m_Enabled: 1
  m_CastShadows: 1
  m_ReceiveShadows: 1
  m_DynamicOccludee: 1
  m_MotionVectors: 1
  m_LightProbeUsage: 0
  m_ReflectionProbeUsage: 1
  m_Materials:
  - {fileID: 2100000, guid: f1318f03ffba9f34594aa1ce86b16fa1, type: 2}
  m_StaticBatchInfo:
    firstSubMesh: 0
    subMeshCount: 0
  m_StaticBatchRoot: {fileID: 0}
  m_ProbeAnchor: {fileID: 0}
  m_LightProbeVolumeOverride: {fileID: 0}
  m_ScaleInLightmap: 1
  m_PreserveUVs: 0
  m_IgnoreNormalsForChartDetection: 0
  m_ImportantGI: 0
  m_StitchLightmapSeams: 0
  m_SelectedEditorRenderState: 3
  m_MinimumChartSize: 4
  m_AutoUVMaxDistance: 0.5
  m_AutoUVMaxAngle: 89
  m_LightmapParameters: {fileID: 0}
  m_SortingLayerID: 0
  m_SortingLayer: 0
  m_SortingOrder: 0
--- !u!64 &1447182556
MeshCollider:
  m_ObjectHideFlags: 0
  m_PrefabParentObject: {fileID: 64015523798208372, guid: e93836803499e624b91d9b4d774ffbd4,
    type: 2}
  m_PrefabInternal: {fileID: 0}
  m_GameObject: {fileID: 1447182553}
  m_Material: {fileID: 0}
  m_IsTrigger: 0
  m_Enabled: 1
  serializedVersion: 2
  m_Convex: 0
  m_InflateMesh: 0
  m_SkinWidth: 0.01
  m_Mesh: {fileID: 10210, guid: 0000000000000000e000000000000000, type: 0}
--- !u!33 &1447182557
MeshFilter:
  m_ObjectHideFlags: 0
  m_PrefabParentObject: {fileID: 33122827958483672, guid: e93836803499e624b91d9b4d774ffbd4,
    type: 2}
  m_PrefabInternal: {fileID: 0}
  m_GameObject: {fileID: 1447182553}
  m_Mesh: {fileID: 10210, guid: 0000000000000000e000000000000000, type: 0}
--- !u!1 &1451198425
GameObject:
  m_ObjectHideFlags: 0
  m_PrefabParentObject: {fileID: 100002, guid: baec086904791744185aaa07a6cf55c2, type: 2}
  m_PrefabInternal: {fileID: 0}
  serializedVersion: 5
  m_Component:
  - component: {fileID: 1451198426}
  - component: {fileID: 1451198430}
  - component: {fileID: 1451198429}
  - component: {fileID: 1451198428}
  - component: {fileID: 1451198427}
  m_Layer: 0
  m_Name: MainCamera
  m_TagString: MainCamera
  m_Icon: {fileID: 0}
  m_NavMeshLayer: 0
  m_StaticEditorFlags: 0
  m_IsActive: 1
--- !u!4 &1451198426
Transform:
  m_ObjectHideFlags: 0
  m_PrefabParentObject: {fileID: 400002, guid: baec086904791744185aaa07a6cf55c2, type: 2}
  m_PrefabInternal: {fileID: 0}
  m_GameObject: {fileID: 1451198425}
  m_LocalRotation: {x: 0.10452846, y: 0, z: 0, w: 0.9945219}
  m_LocalPosition: {x: 0, y: 2.6, z: -6}
  m_LocalScale: {x: 1, y: 1, z: 1}
  m_Children: []
  m_Father: {fileID: 1048848016}
  m_RootOrder: 0
  m_LocalEulerAnglesHint: {x: 12, y: 0, z: 0}
--- !u!81 &1451198427
AudioListener:
  m_ObjectHideFlags: 0
  m_PrefabParentObject: {fileID: 8100000, guid: baec086904791744185aaa07a6cf55c2,
    type: 2}
  m_PrefabInternal: {fileID: 0}
  m_GameObject: {fileID: 1451198425}
  m_Enabled: 1
--- !u!124 &1451198428
Behaviour:
  m_ObjectHideFlags: 0
  m_PrefabParentObject: {fileID: 12400000, guid: baec086904791744185aaa07a6cf55c2,
    type: 2}
  m_PrefabInternal: {fileID: 0}
  m_GameObject: {fileID: 1451198425}
  m_Enabled: 1
--- !u!92 &1451198429
Behaviour:
  m_ObjectHideFlags: 0
  m_PrefabParentObject: {fileID: 9200000, guid: baec086904791744185aaa07a6cf55c2,
    type: 2}
  m_PrefabInternal: {fileID: 0}
  m_GameObject: {fileID: 1451198425}
  m_Enabled: 1
--- !u!20 &1451198430
Camera:
  m_ObjectHideFlags: 0
  m_PrefabParentObject: {fileID: 2000000, guid: baec086904791744185aaa07a6cf55c2,
    type: 2}
  m_PrefabInternal: {fileID: 0}
  m_GameObject: {fileID: 1451198425}
  m_Enabled: 1
  serializedVersion: 2
  m_ClearFlags: 1
  m_BackGroundColor: {r: 0.61960787, g: 0.6745098, b: 0.76862746, a: 0.019607844}
  m_NormalizedViewPortRect:
    serializedVersion: 2
    x: 0
    y: 0
    width: 1
    height: 1
  near clip plane: 0.2
  far clip plane: 5000
  field of view: 50
  orthographic: 0
  orthographic size: 4.5
  m_Depth: -1
  m_CullingMask:
    serializedVersion: 2
    m_Bits: 4294967295
  m_RenderingPath: -1
  m_TargetTexture: {fileID: 0}
  m_TargetDisplay: 0
  m_TargetEye: 3
  m_HDR: 0
  m_AllowMSAA: 1
  m_ForceIntoRT: 0
  m_OcclusionCulling: 1
  m_StereoConvergence: 10
  m_StereoSeparation: 0.022
--- !u!1 &1476416197
GameObject:
  m_ObjectHideFlags: 0
  m_PrefabParentObject: {fileID: 1137074254494008, guid: e93836803499e624b91d9b4d774ffbd4,
    type: 2}
  m_PrefabInternal: {fileID: 0}
  serializedVersion: 5
  m_Component:
  - component: {fileID: 1476416198}
  m_Layer: 0
  m_Name: Upper_Arm_R
  m_TagString: Untagged
  m_Icon: {fileID: 0}
  m_NavMeshLayer: 0
  m_StaticEditorFlags: 0
  m_IsActive: 1
--- !u!4 &1476416198
Transform:
  m_ObjectHideFlags: 0
  m_PrefabParentObject: {fileID: 4352003024093504, guid: e93836803499e624b91d9b4d774ffbd4,
    type: 2}
  m_PrefabInternal: {fileID: 0}
  m_GameObject: {fileID: 1476416197}
  m_LocalRotation: {x: 0.29851076, y: 0.7126009, z: 0.41479835, w: 0.48065966}
  m_LocalPosition: {x: 6.8125906, y: 21.659826, z: 57.455498}
  m_LocalScale: {x: 1, y: 1, z: 1}
  m_Children:
  - {fileID: 1206220685}
  m_Father: {fileID: 1995386569}
  m_RootOrder: 4
  m_LocalEulerAnglesHint: {x: 0, y: 0, z: 0}
--- !u!1 &1506571418
GameObject:
  m_ObjectHideFlags: 0
  m_PrefabParentObject: {fileID: 1457945015432654, guid: e93836803499e624b91d9b4d774ffbd4,
    type: 2}
  m_PrefabInternal: {fileID: 0}
  serializedVersion: 5
  m_Component:
  - component: {fileID: 1506571419}
  m_Layer: 0
  m_Name: Lower_Leg_L
  m_TagString: Untagged
  m_Icon: {fileID: 0}
  m_NavMeshLayer: 0
  m_StaticEditorFlags: 0
  m_IsActive: 1
--- !u!4 &1506571419
Transform:
  m_ObjectHideFlags: 0
  m_PrefabParentObject: {fileID: 4947277163301158, guid: e93836803499e624b91d9b4d774ffbd4,
    type: 2}
  m_PrefabInternal: {fileID: 0}
  m_GameObject: {fileID: 1506571418}
  m_LocalRotation: {x: -0.8446142, y: -0.42510423, z: -0.00059762225, w: 0.32544264}
  m_LocalPosition: {x: -28.227112, y: 0, z: 0.000003166496}
  m_LocalScale: {x: 1, y: 1, z: 1}
  m_Children:
  - {fileID: 2004878732}
  m_Father: {fileID: 893732835}
  m_RootOrder: 0
  m_LocalEulerAnglesHint: {x: 0, y: 0, z: 0}
--- !u!1 &1577857878
GameObject:
  m_ObjectHideFlags: 0
  m_PrefabParentObject: {fileID: 1943592208506236, guid: e93836803499e624b91d9b4d774ffbd4,
    type: 2}
  m_PrefabInternal: {fileID: 0}
  serializedVersion: 5
  m_Component:
  - component: {fileID: 1577857879}
  m_Layer: 0
  m_Name: Toes_L
  m_TagString: Untagged
  m_Icon: {fileID: 0}
  m_NavMeshLayer: 0
  m_StaticEditorFlags: 0
  m_IsActive: 1
--- !u!4 &1577857879
Transform:
  m_ObjectHideFlags: 0
  m_PrefabParentObject: {fileID: 4382160641023742, guid: e93836803499e624b91d9b4d774ffbd4,
    type: 2}
  m_PrefabInternal: {fileID: 0}
  m_GameObject: {fileID: 1577857878}
  m_LocalRotation: {x: 0.017165557, y: -0.0006974643, z: 0.04823658, w: 0.9986882}
  m_LocalPosition: {x: -54.016758, y: 0.00000013969844, z: 0.0000029802322}
  m_LocalScale: {x: 1, y: 1, z: 1}
  m_Children: []
  m_Father: {fileID: 2004878732}
  m_RootOrder: 0
  m_LocalEulerAnglesHint: {x: 0, y: 0, z: 0}
--- !u!1 &1632797377
GameObject:
  m_ObjectHideFlags: 0
  m_PrefabParentObject: {fileID: 0}
  m_PrefabInternal: {fileID: 0}
  serializedVersion: 5
  m_Component:
  - component: {fileID: 1632797378}
  - component: {fileID: 1632797380}
  - component: {fileID: 1632797379}
  - component: {fileID: 1632797381}
  m_Layer: 5
  m_Name: Text
  m_TagString: Untagged
  m_Icon: {fileID: 0}
  m_NavMeshLayer: 0
  m_StaticEditorFlags: 0
  m_IsActive: 1
--- !u!224 &1632797378
RectTransform:
  m_ObjectHideFlags: 0
  m_PrefabParentObject: {fileID: 0}
  m_PrefabInternal: {fileID: 0}
  m_GameObject: {fileID: 1632797377}
  m_LocalRotation: {x: 0, y: 0, z: 0, w: 1}
  m_LocalPosition: {x: 53, y: -92, z: 0}
  m_LocalScale: {x: 1, y: 1, z: 1}
  m_Children: []
  m_Father: {fileID: 57075913}
  m_RootOrder: 2
  m_LocalEulerAnglesHint: {x: 0, y: 0, z: 0}
  m_AnchorMin: {x: 0.5, y: 0.5}
  m_AnchorMax: {x: 0.5, y: 0.5}
  m_AnchoredPosition: {x: 53, y: -92}
  m_SizeDelta: {x: 160, y: 30}
  m_Pivot: {x: 0.5, y: 0.5}
--- !u!114 &1632797379
MonoBehaviour:
  m_ObjectHideFlags: 0
  m_PrefabParentObject: {fileID: 0}
  m_PrefabInternal: {fileID: 0}
  m_GameObject: {fileID: 1632797377}
  m_Enabled: 1
  m_EditorHideFlags: 0
  m_Script: {fileID: 708705254, guid: f70555f144d8491a825f0804e09c671c, type: 3}
  m_Name: 
  m_EditorClassIdentifier: 
  m_Material: {fileID: 0}
  m_Color: {r: 0.19607843, g: 0.19607843, b: 0.19607843, a: 1}
  m_RaycastTarget: 1
  m_OnCullStateChanged:
    m_PersistentCalls:
      m_Calls: []
    m_TypeName: UnityEngine.UI.MaskableGraphic+CullStateChangedEvent, UnityEngine.UI,
      Version=1.0.0.0, Culture=neutral, PublicKeyToken=null
  m_FontData:
    m_Font: {fileID: 10102, guid: 0000000000000000e000000000000000, type: 0}
    m_FontSize: 14
    m_FontStyle: 0
    m_BestFit: 0
    m_MinSize: 10
    m_MaxSize: 40
    m_Alignment: 0
    m_AlignByGeometry: 0
    m_RichText: 1
    m_HorizontalOverflow: 0
    m_VerticalOverflow: 0
    m_LineSpacing: 1
  m_Text: New Text
--- !u!222 &1632797380
CanvasRenderer:
  m_ObjectHideFlags: 0
  m_PrefabParentObject: {fileID: 0}
  m_PrefabInternal: {fileID: 0}
  m_GameObject: {fileID: 1632797377}
--- !u!114 &1632797381
MonoBehaviour:
  m_ObjectHideFlags: 0
  m_PrefabParentObject: {fileID: 0}
  m_PrefabInternal: {fileID: 0}
  m_GameObject: {fileID: 1632797377}
  m_Enabled: 1
  m_EditorHideFlags: 0
  m_Script: {fileID: -1862395651, guid: f70555f144d8491a825f0804e09c671c, type: 3}
  m_Name: 
  m_EditorClassIdentifier: 
  m_Delegates:
  - eventID: 4
    callback:
      m_PersistentCalls:
        m_Calls:
        - m_Target: {fileID: 0}
          m_MethodName: Touch
          m_Mode: 1
          m_Arguments:
            m_ObjectArgument: {fileID: 0}
            m_ObjectArgumentAssemblyTypeName: UnityEngine.Object, UnityEngine
            m_IntArgument: 0
            m_FloatArgument: 0
            m_StringArgument: 
            m_BoolArgument: 0
          m_CallState: 2
      m_TypeName: UnityEngine.EventSystems.EventTrigger+TriggerEvent, UnityEngine.UI,
        Version=1.0.0.0, Culture=neutral, PublicKeyToken=null
  delegates: []
--- !u!1 &1695120764
GameObject:
  m_ObjectHideFlags: 0
  m_PrefabParentObject: {fileID: 1800680085340114, guid: e93836803499e624b91d9b4d774ffbd4,
    type: 2}
  m_PrefabInternal: {fileID: 0}
  serializedVersion: 5
  m_Component:
  - component: {fileID: 1695120765}
  m_Layer: 0
  m_Name: Lower_Reg_R
  m_TagString: Untagged
  m_Icon: {fileID: 0}
  m_NavMeshLayer: 0
  m_StaticEditorFlags: 0
  m_IsActive: 1
--- !u!4 &1695120765
Transform:
  m_ObjectHideFlags: 0
  m_PrefabParentObject: {fileID: 4732902928673194, guid: e93836803499e624b91d9b4d774ffbd4,
    type: 2}
  m_PrefabInternal: {fileID: 0}
  m_GameObject: {fileID: 1695120764}
  m_LocalRotation: {x: 0.8085473, y: 0.13358718, z: -0.0049972907, w: 0.5730452}
  m_LocalPosition: {x: -28.22713, y: 0, z: 0}
  m_LocalScale: {x: 1, y: 1, z: 1}
  m_Children:
  - {fileID: 610384005}
  m_Father: {fileID: 562670989}
  m_RootOrder: 0
  m_LocalEulerAnglesHint: {x: 0, y: 0, z: 0}
--- !u!1 &1886857458
GameObject:
  m_ObjectHideFlags: 0
  m_PrefabParentObject: {fileID: 1122331614372634, guid: e93836803499e624b91d9b4d774ffbd4,
    type: 2}
  m_PrefabInternal: {fileID: 0}
  serializedVersion: 5
  m_Component:
  - component: {fileID: 1886857459}
  m_Layer: 0
  m_Name: Hand_L
  m_TagString: Untagged
  m_Icon: {fileID: 0}
  m_NavMeshLayer: 0
  m_StaticEditorFlags: 0
  m_IsActive: 1
--- !u!4 &1886857459
Transform:
  m_ObjectHideFlags: 0
  m_PrefabParentObject: {fileID: 4415292777786342, guid: e93836803499e624b91d9b4d774ffbd4,
    type: 2}
  m_PrefabInternal: {fileID: 0}
  m_GameObject: {fileID: 1886857458}
  m_LocalRotation: {x: 0.15715446, y: 0.010297521, z: 0.06555057, w: 0.9853424}
  m_LocalPosition: {x: -45.176064, y: 0.0000009313225, z: -0.00000023283059}
  m_LocalScale: {x: 1, y: 1, z: 1}
  m_Children:
  - {fileID: 807419367}
  m_Father: {fileID: 474114152}
  m_RootOrder: 0
  m_LocalEulerAnglesHint: {x: 0, y: 0, z: 0}
--- !u!1 &1953045898 stripped
GameObject:
  m_PrefabParentObject: {fileID: 1262038223247456, guid: 4e04ad5a6e5ef164291ae70f1fd16499,
    type: 2}
  m_PrefabInternal: {fileID: 435391211}
--- !u!114 &1953045899
MonoBehaviour:
  m_ObjectHideFlags: 0
  m_PrefabParentObject: {fileID: 0}
  m_PrefabInternal: {fileID: 0}
  m_GameObject: {fileID: 1953045898}
  m_Enabled: 1
  m_EditorHideFlags: 0
  m_Script: {fileID: 11500000, guid: a25e549e0ab358b42927f1194aaf7f00, type: 3}
  m_Name: 
  m_EditorClassIdentifier: 
--- !u!1 &1995386568
GameObject:
  m_ObjectHideFlags: 0
  m_PrefabParentObject: {fileID: 1976961467390882, guid: e93836803499e624b91d9b4d774ffbd4,
    type: 2}
  m_PrefabInternal: {fileID: 0}
  serializedVersion: 5
  m_Component:
  - component: {fileID: 1995386569}
  m_Layer: 0
  m_Name: Spine
  m_TagString: Untagged
  m_Icon: {fileID: 0}
  m_NavMeshLayer: 0
  m_StaticEditorFlags: 0
  m_IsActive: 1
--- !u!4 &1995386569
Transform:
  m_ObjectHideFlags: 0
  m_PrefabParentObject: {fileID: 4909960913459566, guid: e93836803499e624b91d9b4d774ffbd4,
    type: 2}
  m_PrefabInternal: {fileID: 0}
  m_GameObject: {fileID: 1995386568}
  m_LocalRotation: {x: -0.11386925, y: 0.0704816, z: 0.3414836, w: 0.9302984}
  m_LocalPosition: {x: -59.591652, y: 0, z: 0}
  m_LocalScale: {x: 1, y: 1, z: 1}
  m_Children:
  - {fileID: 58828880}
  - {fileID: 822582585}
  - {fileID: 1040829391}
  - {fileID: 1175357265}
  - {fileID: 1476416198}
  m_Father: {fileID: 187400157}
  m_RootOrder: 1
  m_LocalEulerAnglesHint: {x: 0, y: 0, z: 0}
--- !u!1 &2001177231
GameObject:
  m_ObjectHideFlags: 0
  m_PrefabParentObject: {fileID: 0}
  m_PrefabInternal: {fileID: 0}
  serializedVersion: 5
  m_Component:
  - component: {fileID: 2001177232}
  - component: {fileID: 2001177234}
  - component: {fileID: 2001177233}
  m_Layer: 5
  m_Name: ClearMessage
  m_TagString: Untagged
  m_Icon: {fileID: 0}
  m_NavMeshLayer: 0
  m_StaticEditorFlags: 0
  m_IsActive: 1
--- !u!224 &2001177232
RectTransform:
  m_ObjectHideFlags: 0
  m_PrefabParentObject: {fileID: 0}
  m_PrefabInternal: {fileID: 0}
  m_GameObject: {fileID: 2001177231}
  m_LocalRotation: {x: 0, y: 0, z: 0, w: 1}
  m_LocalPosition: {x: 0, y: 128, z: 0}
  m_LocalScale: {x: 1, y: 1, z: 1}
  m_Children: []
  m_Father: {fileID: 57075913}
  m_RootOrder: 0
  m_LocalEulerAnglesHint: {x: 0, y: 0, z: 0}
  m_AnchorMin: {x: 0.5, y: 1}
  m_AnchorMax: {x: 0.5, y: 1}
  m_AnchoredPosition: {x: 0, y: -50}
  m_SizeDelta: {x: 320, y: 40}
  m_Pivot: {x: 0.5, y: 0.5}
--- !u!114 &2001177233
MonoBehaviour:
  m_ObjectHideFlags: 0
  m_PrefabParentObject: {fileID: 0}
  m_PrefabInternal: {fileID: 0}
  m_GameObject: {fileID: 2001177231}
  m_Enabled: 1
  m_EditorHideFlags: 0
  m_Script: {fileID: 708705254, guid: f70555f144d8491a825f0804e09c671c, type: 3}
  m_Name: 
  m_EditorClassIdentifier: 
  m_Material: {fileID: 0}
  m_Color: {r: 0.19607843, g: 0.19607843, b: 0.19607843, a: 1}
  m_RaycastTarget: 1
  m_OnCullStateChanged:
    m_PersistentCalls:
      m_Calls: []
    m_TypeName: UnityEngine.UI.MaskableGraphic+CullStateChangedEvent, UnityEngine.UI,
      Version=1.0.0.0, Culture=neutral, PublicKeyToken=null
  m_FontData:
    m_Font: {fileID: 10102, guid: 0000000000000000e000000000000000, type: 0}
    m_FontSize: 32
    m_FontStyle: 0
    m_BestFit: 0
    m_MinSize: 3
    m_MaxSize: 40
    m_Alignment: 1
    m_AlignByGeometry: 0
    m_RichText: 1
    m_HorizontalOverflow: 0
    m_VerticalOverflow: 0
    m_LineSpacing: 1
  m_Text: Stage Clear
--- !u!222 &2001177234
CanvasRenderer:
  m_ObjectHideFlags: 0
  m_PrefabParentObject: {fileID: 0}
  m_PrefabInternal: {fileID: 0}
  m_GameObject: {fileID: 2001177231}
--- !u!1 &2004878731
GameObject:
  m_ObjectHideFlags: 0
  m_PrefabParentObject: {fileID: 1924045920469252, guid: e93836803499e624b91d9b4d774ffbd4,
    type: 2}
  m_PrefabInternal: {fileID: 0}
  serializedVersion: 5
  m_Component:
  - component: {fileID: 2004878732}
  m_Layer: 0
  m_Name: Foot_L
  m_TagString: Untagged
  m_Icon: {fileID: 0}
  m_NavMeshLayer: 0
  m_StaticEditorFlags: 0
  m_IsActive: 1
--- !u!4 &2004878732
Transform:
  m_ObjectHideFlags: 0
  m_PrefabParentObject: {fileID: 4022962368065482, guid: e93836803499e624b91d9b4d774ffbd4,
    type: 2}
  m_PrefabInternal: {fileID: 0}
  m_GameObject: {fileID: 2004878731}
  m_LocalRotation: {x: 0.62593883, y: 0.71752673, z: -0.21783026, w: 0.21425691}
  m_LocalPosition: {x: -20.503065, y: 0.00000447035, z: -0.00000372529}
  m_LocalScale: {x: 1, y: 1, z: 1}
  m_Children:
  - {fileID: 1577857879}
  m_Father: {fileID: 1506571419}
  m_RootOrder: 0
  m_LocalEulerAnglesHint: {x: 0, y: 0, z: 0}
--- !u!1 &2012241274
GameObject:
  m_ObjectHideFlags: 0
  m_PrefabParentObject: {fileID: 1272727675345678, guid: e93836803499e624b91d9b4d774ffbd4,
    type: 2}
  m_PrefabInternal: {fileID: 0}
  serializedVersion: 5
  m_Component:
  - component: {fileID: 2012241275}
  m_Layer: 0
  m_Name: Jaw
  m_TagString: Untagged
  m_Icon: {fileID: 0}
  m_NavMeshLayer: 0
  m_StaticEditorFlags: 0
  m_IsActive: 1
--- !u!4 &2012241275
Transform:
  m_ObjectHideFlags: 0
  m_PrefabParentObject: {fileID: 4898420244551172, guid: e93836803499e624b91d9b4d774ffbd4,
    type: 2}
  m_PrefabInternal: {fileID: 0}
  m_GameObject: {fileID: 2012241274}
  m_LocalRotation: {x: -0.7059533, y: -0.00029166808, z: -0.0033690664, w: 0.7082504}
  m_LocalPosition: {x: -36.18164, y: 0, z: -1.7955091e-14}
  m_LocalScale: {x: 1, y: 1, z: 1}
  m_Children: []
  m_Father: {fileID: 1040829391}
  m_RootOrder: 0
  m_LocalEulerAnglesHint: {x: -89.69035, y: 53.11243, z: -53.409054}
--- !u!1 &2100798484
GameObject:
  m_ObjectHideFlags: 0
  m_PrefabParentObject: {fileID: 1937782407552688, guid: e93836803499e624b91d9b4d774ffbd4,
    type: 2}
  m_PrefabInternal: {fileID: 0}
  serializedVersion: 5
  m_Component:
  - component: {fileID: 2100798485}
  m_Layer: 0
  m_Name: Hand_R
  m_TagString: Untagged
  m_Icon: {fileID: 0}
  m_NavMeshLayer: 0
  m_StaticEditorFlags: 0
  m_IsActive: 1
--- !u!4 &2100798485
Transform:
  m_ObjectHideFlags: 0
  m_PrefabParentObject: {fileID: 4943263044146978, guid: e93836803499e624b91d9b4d774ffbd4,
    type: 2}
  m_PrefabInternal: {fileID: 0}
  m_GameObject: {fileID: 2100798484}
  m_LocalRotation: {x: 0.07141824, y: 0.16343519, z: 0.28519252, w: 0.9417291}
  m_LocalPosition: {x: -45.17598, y: 0.0000053085405, z: -0.0000022351742}
  m_LocalScale: {x: 1, y: 1, z: 1}
  m_Children:
  - {fileID: 183256224}
  m_Father: {fileID: 1206220685}
  m_RootOrder: 0
  m_LocalEulerAnglesHint: {x: 0, y: 0, z: 0}
--- !u!1 &2125949427
GameObject:
  m_ObjectHideFlags: 0
  m_PrefabParentObject: {fileID: 0}
  m_PrefabInternal: {fileID: 0}
  serializedVersion: 5
  m_Component:
  - component: {fileID: 2125949428}
  - component: {fileID: 2125949430}
  - component: {fileID: 2125949429}
  - component: {fileID: 2125949431}
  m_Layer: 5
  m_Name: Life
  m_TagString: Untagged
  m_Icon: {fileID: 0}
  m_NavMeshLayer: 0
  m_StaticEditorFlags: 0
  m_IsActive: 1
--- !u!224 &2125949428
RectTransform:
  m_ObjectHideFlags: 0
  m_PrefabParentObject: {fileID: 0}
  m_PrefabInternal: {fileID: 0}
  m_GameObject: {fileID: 2125949427}
  m_LocalRotation: {x: 0, y: 0, z: 0, w: 1}
  m_LocalPosition: {x: 385, y: 156, z: 0}
  m_LocalScale: {x: 1, y: 1, z: 1}
  m_Children: []
  m_Father: {fileID: 57075913}
  m_RootOrder: 1
  m_LocalEulerAnglesHint: {x: 0, y: 0, z: 0}
  m_AnchorMin: {x: 1, y: 1}
  m_AnchorMax: {x: 1, y: 1}
  m_AnchoredPosition: {x: 118, y: -22}
  m_SizeDelta: {x: 320, y: 40}
  m_Pivot: {x: 0.5, y: 0.5}
--- !u!114 &2125949429
MonoBehaviour:
  m_ObjectHideFlags: 0
  m_PrefabParentObject: {fileID: 0}
  m_PrefabInternal: {fileID: 0}
  m_GameObject: {fileID: 2125949427}
  m_Enabled: 1
  m_EditorHideFlags: 0
  m_Script: {fileID: 708705254, guid: f70555f144d8491a825f0804e09c671c, type: 3}
  m_Name: 
  m_EditorClassIdentifier: 
  m_Material: {fileID: 0}
  m_Color: {r: 0.19607843, g: 0.19607843, b: 0.19607843, a: 1}
  m_RaycastTarget: 1
  m_OnCullStateChanged:
    m_PersistentCalls:
      m_Calls: []
    m_TypeName: UnityEngine.UI.MaskableGraphic+CullStateChangedEvent, UnityEngine.UI,
      Version=1.0.0.0, Culture=neutral, PublicKeyToken=null
  m_FontData:
    m_Font: {fileID: 10102, guid: 0000000000000000e000000000000000, type: 0}
    m_FontSize: 32
    m_FontStyle: 0
    m_BestFit: 0
    m_MinSize: 3
    m_MaxSize: 40
    m_Alignment: 0
    m_AlignByGeometry: 0
    m_RichText: 1
    m_HorizontalOverflow: 0
    m_VerticalOverflow: 0
    m_LineSpacing: 1
  m_Text: 0
--- !u!222 &2125949430
CanvasRenderer:
  m_ObjectHideFlags: 0
  m_PrefabParentObject: {fileID: 0}
  m_PrefabInternal: {fileID: 0}
  m_GameObject: {fileID: 2125949427}
--- !u!114 &2125949431
MonoBehaviour:
  m_ObjectHideFlags: 0
  m_PrefabParentObject: {fileID: 0}
  m_PrefabInternal: {fileID: 0}
  m_GameObject: {fileID: 2125949427}
  m_Enabled: 1
  m_EditorHideFlags: 0
  m_Script: {fileID: 11500000, guid: 62a410b5b67d5bd4e92eedcd908f7b53, type: 3}
  m_Name: 
  m_EditorClassIdentifier: 
  maxLife: 100
